%% This BibTeX bibliography file was created using BibDesk.
%% http://bibdesk.sourceforge.net/


%% Created for rico at 2009-08-26 10:14:40 +0200 


%% Saved with string encoding Unicode (UTF-8) 



@manual{ucinet:99,
	Author = {Borgatti, S.P., M.G. Everett \& L.C. Freeman},
	Date-Added = {2009-08-26 09:59:47 +0200},
	Date-Modified = {2009-08-26 10:01:35 +0200},
	Note = {Version 5.0},
	Organization = {Analytic Technologies},
	Title = {{UCINET}},
	Url = {http://www.analytictech.com/},
	Year = {1999},
	Bdsk-Url-1 = {http://statnetproject.org}}

@manual{statnet:03,
	Address = {Seattle, WA},
	Author = {Mark S. Handcock, David R. Hunter, Carter T. Butts, Steven M. Goodreau \& Martina Morris},
	Date-Added = {2009-08-26 09:41:42 +0200},
	Date-Modified = {2009-08-26 09:43:24 +0200},
	Note = {Version 2.0},
	Title = {{statnet: Software tools for the Statistical Modeling of Network Data}},
	Url = {http://statnetproject.org},
	Year = {2003}}

@book{pajek:03,
	Author = {W. de Nooy, A. Mrvar \& V. Batagelj},
	Date-Added = {2009-08-26 09:34:34 +0200},
	Date-Modified = {2009-08-26 10:14:24 +0200},
	Number = {27},
	Publisher = {{Cambridge University Press}},
	Series = {Structural Analysis in the Social Sciences},
	Title = {{Exploratory Social Network Analysiswith Pajek}},
	Year = {2003}}

@manual{r:05,
	Address = {Vienna, Austria},
	Author = {{R Development Core Team}},
	Date-Added = {2009-08-26 09:33:09 +0200},
	Date-Modified = {2009-08-26 10:14:40 +0200},
	Note = {{ISBN} 3-900051-07-0},
	Organization = {R Foundation for Statistical Computing},
	Title = {R: A Language and Environment for Statistical Computing},
	Url = {http://www.R-project.org},
	Year = {2005},
	Bdsk-Url-1 = {http://www.R-project.org}}

@manual{pajek,
	Author = {V. Batagelj, A. Mrvar: Pajek},
	Date-Added = {2009-08-07 13:39:20 +0200},
	Date-Modified = {2009-08-26 09:34:00 +0200},
	Title = {Program for Large Network Analysis},
	Url = {http://vlado.fmf.uni-lj.si/pub/networks/pajek/},
	Bdsk-Url-1 = {http://www.R-project.org}}

@book{scott:00,
	Author = {J. Scott},
	Date-Added = {2009-07-21 16:27:39 +0200},
	Date-Modified = {2009-07-21 16:31:44 +0200},
	Edition = {2},
	Publisher = {SAGE Publications Ltd},
	Title = {Social Network Analysis},
	Year = {2000}}

@misc{hanneman:05,
	Author = {R. A. Hanneman \& M. Riddle},
	Date-Added = {2009-07-21 16:12:54 +0200},
	Date-Modified = {2009-07-21 16:14:32 +0200},
	Title = {Introduction to social network methods},
	Url = {http://www.faculty.ucr.edu/~hanneman/nettext/},
	Bdsk-Url-1 = {http://en.wikipedia.org/wiki/RDBMS},
	Bdsk-Url-2 = {http://www.faculty.ucr.edu/~hanneman/nettext/}}

@article{newman:03,
	Author = {M.E.J Newman},
	Date-Added = {2009-07-16 18:35:05 +0200},
	Date-Modified = {2009-08-26 10:14:33 +0200},
	Journal = {Physical Review},
	Number = {2},
	Pages = {026121},
	Title = {Properties of highly clustered networks},
	Volume = {68},
	Year = {2003}}

@article{wey:08,
	Author = {T. Wey, D. T. Blumstein, W. Shen \& F. Jordan},
	Date-Added = {2009-07-01 17:14:24 +0200},
	Date-Modified = {2009-07-01 17:18:57 +0200},
	Journal = {Animal Behaviour},
	Pages = {333-344},
	Title = {Social network analysis of animal behaviour: a promising Social network analysis of animal behaviour: a promising tool for the study of sociality},
	Volume = {75},
	Year = {2008}}

@book{croft:07,
	Author = {D. P. Croft , R. James \& J. Krause},
	Date-Added = {2009-07-01 17:05:47 +0200},
	Date-Modified = {2009-07-01 17:08:34 +0200},
	Publisher = {Princeton University Press},
	Title = {Exploring Animal Social Networks},
	Year = {2007}}

@misc{wiki:php,
	Author = {Wikipedia Editors},
	Date-Added = {2009-06-17 10:28:04 +0200},
	Date-Modified = {2009-06-17 10:28:20 +0200},
	Title = {PHP--- Wikipedia{,} The Free Encyclopedia},
	Url = {http://en.wikipedia.org/wiki/PHP},
	Bdsk-Url-1 = {http://en.wikipedia.org/wiki/RDBMS},
	Bdsk-Url-2 = {http://en.wikipedia.org/wiki/PHP}}

@misc{wiki:java,
	Author = {Wikipedia Editors},
	Date-Added = {2009-06-17 10:06:11 +0200},
	Date-Modified = {2009-06-17 10:06:30 +0200},
	Title = {Java--- Wikipedia{,} The Free Encyclopedia},
	Url = {http://en.wikipedia.org/wiki/Java_(programming_language)},
	Bdsk-Url-1 = {http://en.wikipedia.org/wiki/RDBMS},
	Bdsk-Url-2 = {http://en.wikipedia.org/wiki/Java_(programming_language)}}

@misc{wiki:flex,
	Author = {Wikipedia Editors},
	Date-Added = {2009-06-16 09:44:20 +0200},
	Date-Modified = {2009-06-16 09:44:47 +0200},
	Title = {Flex--- Wikipedia{,} The Free Encyclopedia},
	Url = {http://en.wikipedia.org/wiki/Adobe_Flex},
	Bdsk-Url-1 = {http://en.wikipedia.org/wiki/RDBMS},
	Bdsk-Url-2 = {http://en.wikipedia.org/wiki/Adobe_Flex}}

@misc{wiki:git,
	Author = {Wikipedia Editors},
	Date-Added = {2009-06-08 10:34:56 +0200},
	Date-Modified = {2009-06-09 18:04:34 +0200},
	Title = {{GIT}--- Wikipedia{,} The Free Encyclopedia},
	Url = {http://en.wikipedia.org/wiki/Git_(software)},
	Bdsk-Url-1 = {http://en.wikipedia.org/wiki/Xml},
	Bdsk-Url-2 = {http://en.wikipedia.org/wiki/Git_(software)}}

@misc{wiki:bash,
	Author = {Wikipedia Editors},
	Date-Added = {2009-06-05 15:46:47 +0200},
	Date-Modified = {2009-06-09 18:04:28 +0200},
	Title = {{BASH} --- Wikipedia{,} The Free Encyclopedia},
	Url = {http://en.wikipedia.org/wiki/Bash},
	Bdsk-Url-1 = {http://en.wikipedia.org/wiki/SQL},
	Bdsk-Url-2 = {http://en.wikipedia.org/wiki/Bash}}

@misc{wiki:cgi,
	Author = {Wikipedia Editors},
	Date-Added = {2009-05-28 16:54:50 +0200},
	Date-Modified = {2009-06-09 18:04:21 +0200},
	Title = {{CGI}--- Wikipedia{,} The Free Encyclopedia},
	Url = {http://en.wikipedia.org/wiki/Common_Gateway_Interface},
	Bdsk-Url-1 = {http://en.wikipedia.org/wiki/Xml},
	Bdsk-Url-2 = {http://en.wikipedia.org/wiki/Common_Gateway_Interface}}

@misc{wiki:xml,
	Author = {Wikipedia Editors},
	Date-Added = {2009-05-28 16:37:39 +0200},
	Date-Modified = {2009-06-09 18:03:47 +0200},
	Title = {{XML}--- Wikipedia{,} The Free Encyclopedia},
	Url = {http://en.wikipedia.org/wiki/Xml},
	Bdsk-Url-1 = {http://en.wikipedia.org/wiki/Xml}}

@misc{wiki:samba,
	Author = {Wikipedia Editors},
	Date-Added = {2009-05-28 16:23:46 +0200},
	Date-Modified = {2009-05-28 16:24:05 +0200},
	Title = {Samba--- Wikipedia{,} The Free Encyclopedia},
	Url = {http://en.wikipedia.org/wiki/Samba_(software)},
	Bdsk-Url-1 = {http://en.wikipedia.org/wiki/Samba_(software)},
	Bdsk-Url-2 = {http://en.wikipedia.org/wiki/Samba_(software)}}

@misc{wiki:afp,
	Author = {Wikipedia Editors},
	Date-Added = {2009-05-28 16:21:28 +0200},
	Date-Modified = {2009-06-09 18:03:54 +0200},
	Title = {{AFP}--- Wikipedia{,} The Free Encyclopedia},
	Url = {http://en.wikipedia.org/wiki/AFP},
	Bdsk-Url-1 = {http://en.wikipedia.org/wiki/AFP}}

@misc{wiki:pvc,
	Author = {Wikipedia Editors},
	Date-Added = {2009-05-28 16:09:16 +0200},
	Date-Modified = {2009-06-09 18:04:02 +0200},
	Title = {{PVC}--- Wikipedia{,} The Free Encyclopedia},
	Url = {http://en.wikipedia.org/wiki/PVC},
	Bdsk-Url-1 = {http://en.wikipedia.org/wiki/Graph_theory},
	Bdsk-Url-2 = {http://en.wikipedia.org/wiki/PVC}}

@misc{wiki:gui,
	Author = {Wikipedia Editors},
	Date-Added = {2009-05-28 16:02:46 +0200},
	Date-Modified = {2009-06-09 18:04:11 +0200},
	Title = {{GUI}--- Wikipedia{,} The Free Encyclopedia},
	Url = {http://en.wikipedia.org/wiki/GUI},
	Bdsk-Url-1 = {http://en.wikipedia.org/wiki/Graph_theory},
	Bdsk-Url-2 = {http://en.wikipedia.org/wiki/GUI}}

@misc{wiki:api,
	Author = {Wikipedia Editors},
	Date-Added = {2009-05-28 16:00:34 +0200},
	Date-Modified = {2009-06-09 18:04:48 +0200},
	Title = {{API}--- Wikipedia{,} The Free Encyclopedia},
	Url = {http://en.wikipedia.org/wiki/API},
	Bdsk-Url-1 = {http://en.wikipedia.org/wiki/Graph_theory},
	Bdsk-Url-2 = {http://en.wikipedia.org/wiki/API}}

@article{weidt:07,
	Author = {A. Weidt et al.},
	Date-Added = {2009-05-20 14:02:39 +0200},
	Date-Modified = {2009-07-28 12:15:08 +0200},
	Journal = {Animal Behaviour},
	Number = {3},
	Pages = {801-808},
	Title = {Not only mate choice matters: fitness consequences of social partner choice in female house mice.},
	Volume = {73},
	Year = {2007}}

@misc{wiki:perl,
	Author = {Wikipedia Editors},
	Date-Added = {2009-04-22 15:45:24 +0200},
	Date-Modified = {2009-06-09 18:04:56 +0200},
	Title = {{Perl}--- Wikipedia{,} The Free Encyclopedia},
	Url = {http://en.wikipedia.org/wiki/Perl},
	Bdsk-Url-1 = {http://en.wikipedia.org/wiki/Graph_theory},
	Bdsk-Url-2 = {http://en.wikipedia.org/wiki/Perl}}

@article{dieser:08,
	Author = {Olivia Dieser},
	Date-Added = {2009-04-19 18:54:22 +0200},
	Date-Modified = {2009-06-09 18:05:11 +0200},
	Journal = {Unpublished},
	Title = {{Terretoriales} {Verhalten} einer frei lebenden {Hausmauspopulation}},
	Year = {2008}}

@article{hammond:92,
	Author = {K. A. Hammond \& J. Diamond},
	Date-Added = {2009-04-19 18:09:59 +0200},
	Date-Modified = {2009-06-09 18:08:05 +0200},
	Journal = {Physiological Zoology},
	Pages = {952-977},
	Title = {An experimental test for a ceiling on sustained metabolic rate in lactating mice},
	Volume = {65},
	Year = {1992}}

@book{koenig:06,
	Author = {B. K{\"o}nig},
	Date-Added = {2009-04-19 17:23:23 +0200},
	Date-Modified = {2009-06-09 18:08:27 +0200},
	Editor = {P. M. Kappeler \& C. P. van Schaik},
	Pages = {191-205},
	Publisher = {Springer-Verlag Berlin Heidelberg},
	Title = {Cooperation in {Primates} and {Humans}. {Mechanisms} and {Evolution}},
	Year = {2006}}

@misc{wiki:joule,
	Author = {Wikipedia Editors},
	Date-Added = {2009-04-19 13:46:25 +0200},
	Date-Modified = {2009-04-21 16:48:11 +0200},
	Title = {Joule--- Wikipedia{,} The Free Encyclopedia},
	Url = {http://en.wikipedia.org/wiki/Joule},
	Bdsk-Url-1 = {http://en.wikipedia.org/wiki/Graph_theory},
	Bdsk-Url-2 = {http://en.wikipedia.org/wiki/Joule}}

@article{werboff:70,
	Author = {J. Werboff, M. Steg \& L. Barnes},
	Date-Added = {2009-04-19 13:35:51 +0200},
	Date-Modified = {2009-04-19 13:37:17 +0200},
	Journal = {Psychon Sci},
	Pages = {269-271},
	Title = {Communal nursing in mice: strain specific effects of multiple mothers on growth and behavior},
	Volume = {19},
	Year = {1970}}

@article{southwick:55,
	Author = {C.H. Southwick},
	Date-Added = {2009-04-19 13:34:59 +0200},
	Date-Modified = {2009-04-19 13:35:43 +0200},
	Journal = {Ecology},
	Pages = {627-634},
	Title = {Regulatory mechanisms of house mouse populations: social behavior affecting litter survival.},
	Volume = {36},
	Year = {1955}}

@article{sayler:69,
	Author = {A. Sayler \& M. Salmon},
	Date-Added = {2009-04-19 13:33:51 +0200},
	Date-Modified = {2009-04-19 13:34:52 +0200},
	Journal = {Science},
	Pages = {1309-1310},
	Title = {Communal nursing in mice: influence of multiple mothers on the growth of the young},
	Volume = {164},
	Year = {1969}}

@article{petras:67,
	Author = {M.L. Petras},
	Date-Added = {2009-04-19 12:46:16 +0200},
	Date-Modified = {2009-06-09 18:08:56 +0200},
	Journal = {Evolution},
	Pages = {259-274},
	Title = {Studies of natural populations of {Mus}. {I}. {Biochemical} polymorphisms and their bearing in breeding structure},
	Volume = {21},
	Year = {1967}}

@article{lidicker:76,
	Author = {W.Z. Lidicker},
	Date-Added = {2009-04-19 12:43:50 +0200},
	Date-Modified = {2009-04-19 12:45:14 +0200},
	Journal = {Journal of Animal Ecology},
	Pages = {677-697},
	Title = {Social behaviour and density regulation in house mice living in large enclosures},
	Volume = {45},
	Year = {1976}}

@article{selander:70,
	Author = {R.K. Selander},
	Date-Added = {2009-04-19 12:38:53 +0200},
	Date-Modified = {2009-07-28 12:16:24 +0200},
	Journal = {Integrative and Comparative Biology},
	Pages = {53-66},
	Title = {Behavior and genetic variation in natural populations},
	Volume = {10},
	Year = {1970}}

@article{reimer:67,
	Author = {J.D. Reimer \& M.L. Petras},
	Date-Added = {2009-04-19 12:37:22 +0200},
	Date-Modified = {2009-04-19 12:38:42 +0200},
	Journal = {Journal of Mammalogy},
	Pages = {88-99},
	Title = {Breeding structure of the house mouse in a population cage},
	Volume = {48},
	Year = {1967}}

@article{mackintosh:81,
	Author = {J.H. Mackintosh},
	Date-Added = {2009-04-19 12:35:58 +0200},
	Date-Modified = {2009-04-19 12:37:19 +0200},
	Journal = {Symposia of the Zoological Society of London},
	Pages = {337-365},
	Title = {Behaviour of the house mouse},
	Volume = {47},
	Year = {1981}}

@article{pelikan:81,
	Author = {J. Pelikan},
	Date-Added = {2009-04-19 11:14:00 +0200},
	Date-Modified = {2009-07-28 12:15:46 +0200},
	Journal = {Symposia of the Zoological Society of LondonWalls},
	Pages = {205-229},
	Title = {Patterns of reproduction in the house mouse},
	Volume = {47},
	Year = {1981}}

@article{koenig:88,
	Author = {B. K{\"o}nig, J. Riester \& H. Markl},
	Date-Added = {2009-04-18 17:26:46 +0200},
	Date-Modified = {2009-06-09 18:09:25 +0200},
	Journal = {Journal of Zoology},
	Pages = {195-210},
	Title = {Maternal care in house mice ({Mus} musculus): II. {The} energy cost of lactation as a function of litter size},
	Volume = {216},
	Year = {1988}}

@article{koenig:87b,
	Author = {B. K{\"o}nig \& H. Markl},
	Date-Added = {2009-04-18 17:25:30 +0200},
	Date-Modified = {2009-05-19 14:14:30 +0200},
	Journal = {Behavioral Ecology and Sociobiology},
	Pages = {1-9},
	Title = {Maternal care in house mice. The weaning strategy as a means of parental manipulation of offspring quality},
	Volume = {20},
	Year = {1987}}

@article{koenig:97,
	Author = {B. K{\"o}nig},
	Date-Added = {2009-04-18 17:24:57 +0200},
	Date-Modified = {2009-04-18 17:25:24 +0200},
	Journal = {Naturwissenschaften},
	Pages = {95-104},
	Title = {Cooperative care of young in mammals},
	Volume = {84},
	Year = {1997}}

@article{koenig:94c,
	Author = {B. K{\"o}nig},
	Date-Added = {2009-04-18 17:24:03 +0200},
	Date-Modified = {2009-04-18 17:24:45 +0200},
	Journal = {Verh Dtsch Zool},
	Pages = {115-127},
	Title = {Communal nursing in mammals},
	Volume = {87.2},
	Year = {1994}}

@article{koenig:94b,
	Author = {B. K{\"o}nig},
	Date-Added = {2009-04-18 17:23:33 +0200},
	Date-Modified = {2009-04-18 17:23:59 +0200},
	Journal = {Animal Behaviour},
	Pages = {1449-1457},
	Title = {Fitness effects of communal rearing in house mice: the role of relatedness versus familiarity},
	Volume = {48},
	Year = {1994}}

@article{koenig:94a,
	Author = {B. K{\"o}nig},
	Date-Added = {2009-04-18 17:22:41 +0200},
	Date-Modified = {2009-04-18 17:23:24 +0200},
	Journal = {Behavioral ecology and sociobiology},
	Pages = {275-283},
	Title = {Components of lifetime reproductive success in communally and solitarily nursing house mice - a laboratory study},
	Volume = {34},
	Year = {1994}}

@article{koenig:93,
	Author = {B. K{\"o}nig},
	Date-Added = {2009-04-18 17:21:45 +0200},
	Date-Modified = {2009-06-09 18:09:45 +0200},
	Journal = {Behavioural processes},
	Pages = {61-74},
	Title = {Maternal investment of communally nursing female house mice ({Mus} musculus domesticus)},
	Volume = {30},
	Year = {1993}}

@article{koenig:89b,
	Author = {B. K{\"o}nig},
	Date-Added = {2009-04-18 17:20:55 +0200},
	Date-Modified = {2009-04-18 17:21:40 +0200},
	Journal = {Ethol Ecol \& Evol},
	Pages = {99-110},
	Title = {Behavioral ecology of kin recognition in house mice},
	Volume = {1},
	Year = {1989}}

@article{koenig:89a,
	Author = {B. K{\"o}nig},
	Date-Added = {2009-04-18 17:20:07 +0200},
	Date-Modified = {2009-06-09 18:10:03 +0200},
	Journal = {Ethology},
	Pages = {328-343},
	Title = {Kin recognition and maternal care under restricted feeding in house mice ({Mus} domesticus)},
	Volume = {82},
	Year = {1989}}

@article{koenig:87a,
	Author = {B. K{\"o}nig},
	Date-Added = {2009-04-18 17:19:12 +0200},
	Date-Modified = {2009-06-09 18:02:57 +0200},
	Journal = {Konstanzer Bl{\"a}tter f{\"u}r Hochschulfragen},
	Pages = {34-51},
	Title = {{Der} {Konflikt} zwischen {Anzahl} und {Qualit{\"a}t} von {Nachkommen} aus evolutionsbiologischer {Sicht}},
	Volume = {25},
	Year = {1987}}

@article{kareem:86,
	Author = {A.M. Kareem & C.J. Barnard},
	Date-Added = {2009-04-18 17:17:24 +0200},
	Date-Modified = {2009-04-18 17:18:12 +0200},
	Journal = {Animal Behaviour},
	Pages = {1814-1824},
	Title = {Kin recognition in mice: age, sex and parental effects},
	Volume = {34},
	Year = {1886}}

@article{kareem:82,
	Author = {A.M. Kareem & C.J. Barnard},
	Date-Added = {2009-04-18 17:16:16 +0200},
	Date-Modified = {2009-04-18 17:18:19 +0200},
	Journal = {Animal Behaviour},
	Pages = {594-601},
	Title = {The importance of kinship and familiarity in social interactions between mice},
	Volume = {30},
	Year = {1982}}

@article{hurst:90,
	Author = {J.L Hurst},
	Date-Added = {2009-04-18 17:15:38 +0200},
	Date-Modified = {2009-06-09 18:10:33 +0200},
	Journal = {Animal Behaviour},
	Pages = {223-232},
	Title = {Urine marking in populations of wild house mice {Mus} domesticus {Rutty}. II. {Communication} between females},
	Volume = {40},
	Year = {1990}}

@article{hurst:89,
	Author = {J.L Hurst},
	Date-Added = {2009-04-18 17:13:48 +0200},
	Date-Modified = {2009-06-09 18:10:52 +0200},
	Journal = {Animal Behaviour},
	Pages = {705-725},
	Title = {The complex network of olfactory communication in populations of wild house mice {Mus} domesticus {Rutty}: urine marking and investigation within family groups},
	Volume = {37},
	Year = {1989}}

@article{gandelman:70,
	Author = {R. Gandelman, R.E. Paschke, M.X. Zarrow \& V.H. Denenberg},
	Date-Added = {2009-04-18 17:12:18 +0200},
	Date-Modified = {2009-06-09 18:11:02 +0200},
	Journal = {Developmental Psychobiology},
	Pages = {245-250},
	Title = {Care of young under communal conditions in the house mouse ({Mus} musculus)},
	Volume = {3},
	Year = {1970}}

@article{fuchs:82,
	Author = {S. Fuchs},
	Date-Added = {2009-04-18 17:09:39 +0200},
	Date-Modified = {2009-04-18 17:10:18 +0200},
	Journal = {Behavioral Ecology and Sociobiology},
	Pages = {39-51},
	Title = {Optimality of parental investment: the influence of nursing on reproductive success of mother and female young house mice},
	Volume = {10},
	Year = {1982}}

@article{fuchs:81,
	Author = {S. Fuchs},
	Date-Added = {2009-04-18 17:08:30 +0200},
	Date-Modified = {2009-04-18 17:09:35 +0200},
	Journal = {Zeitschrift f{\"u}r Tierpsychologie},
	Pages = {19-32},
	Title = {Consequences of premature weaning on the reproduction of mothers and offspring in laboratory mice},
	Volume = {55},
	Year = {1981}}

@article{dobson:00,
	Author = {F.S. Dobson, C. Jacquot \& C. Baudoin},
	Date-Added = {2009-04-18 17:06:55 +0200},
	Date-Modified = {2009-04-18 17:08:27 +0200},
	Journal = {Canadian journal of zoology},
	Pages = {1806-1812},
	Title = {An experimental test of kin association in the house mouse},
	Volume = {78},
	Year = {2000}}

@article{crowcroft:63,
	Author = {P. Crowcroft \& F.P. Rowe},
	Date-Added = {2009-04-18 17:05:53 +0200},
	Date-Modified = {2009-04-18 17:06:47 +0200},
	Journal = {Proc Zool Soc Lond},
	Pages = {517-531},
	Title = {Social organization and territorial behaviour in the wild house mouse},
	Volume = {140},
	Year = {1963}}

@article{bronson:84,
	Author = {F.H. Bronson},
	Date-Added = {2009-04-18 17:03:37 +0200},
	Date-Modified = {2009-04-18 17:04:41 +0200},
	Journal = {Scientific American},
	Pages = {90-97},
	Title = {The adaptability of the house mouse},
	Volume = {250},
	Year = {1984}}

@article{bronson:79,
	Author = {F.H. Bronson},
	Date-Added = {2009-04-18 16:59:16 +0200},
	Date-Modified = {2009-04-18 17:01:11 +0200},
	Journal = {The Quarterly Review of Biology},
	Pages = {265-299},
	Title = {The reproductive ecology of the house mouse},
	Volume = {54},
	Year = {1979}}

@inbook{blaustein:87,
	Author = {A.R. Blaustein, M. Bekoff \& T.J. Daniels},
	Date-Added = {2009-04-18 16:55:57 +0200},
	Date-Modified = {2009-04-18 16:59:12 +0200},
	Editor = {Chichester},
	Pages = {333-357},
	Publisher = {John Wiley & Sons},
	Title = {Kin recognition in vertebrates (excluding primates): mechanisms, functions and future research},
	Year = {1987}}

@article{berry:75,
	Author = {R.J Berry \& M.E. Jakobson},
	Date-Added = {2009-04-18 16:53:30 +0200},
	Date-Modified = {2009-04-18 16:54:43 +0200},
	Journal = {Journal of zoology},
	Pages = {341},
	Title = {Life and death in an island population of the house mouse.},
	Volume = {173},
	Year = {1975}}

@book{berry:81,
	Author = {R.J. Berry},
	Date-Added = {2009-04-18 16:48:50 +0200},
	Date-Modified = {2009-06-09 18:11:27 +0200},
	Publisher = {Academic Press},
	Title = {Biology of the {House} {Mouse}},
	Year = {1981}}

@article{beauchamp:85,
	Author = {G.K. Beauchamp, K. Yamazaki \& E.A. Boyse},
	Date-Added = {2009-04-18 16:46:49 +0200},
	Date-Modified = {2009-04-18 16:48:44 +0200},
	Journal = {Sci Am},
	Number = {253},
	Pages = {379-430},
	Title = {The chemosensory recognition of genetic individuality},
	Year = {1985}}

@article{barnard:91,
	Author = {C.J. Barnard, J.L. Hurst \& P. Aldhous},
	Date-Added = {2009-04-18 16:45:17 +0200},
	Date-Modified = {2009-06-09 18:11:39 +0200},
	Journal = {Biol Rev},
	Pages = {379-430},
	Title = {Of mice and kin: {The} functional significance of kin bias in social behaviour},
	Volume = {66},
	Year = {1991}}

@article{baker:81,
	Author = {A.E.M Baker},
	Date-Added = {2009-04-18 16:44:08 +0200},
	Date-Modified = {2009-04-18 16:45:15 +0200},
	Journal = {Behav Ecol Sociobiol},
	Pages = {83-90},
	Title = {Gene flow in house mice: behavior in a population cage},
	Volume = {8},
	Year = {1981}}

@article{pennycuik:86,
	Author = {P. R. Pennycuik, P. G. Johnston, N. H. Westwood \& A. H. Reisner},
	Date-Added = {2009-04-18 16:36:20 +0200},
	Date-Modified = {2009-06-09 18:12:20 +0200},
	Journal = {Journal of Animal Ecology},
	Number = {1},
	Pages = {371-391},
	Title = {Variation in {Numbers} in a {House} {Mouse} {Population} {Housed} in a {Large} {Outdoor} {Enclosure}: {Seasonal} {Fluctuations}},
	Volume = {55},
	Year = {1986}}

@article{berry:71,
	Author = {R.J Berry \& M.E. Jakobson},
	Date-Added = {2009-04-18 16:09:13 +0200},
	Date-Modified = {2009-04-18 16:18:24 +0200},
	Journal = {Experimental Gerontology},
	Pages = {187},
	Title = {Life and death in an island population of the house mouse.},
	Volume = {6},
	Year = {1971}}

@article{anderson:65,
	Author = {P.K. Anderson},
	Date-Added = {2009-04-18 16:00:44 +0200},
	Date-Modified = {2009-06-09 18:12:34 +0200},
	Journal = {Proc. Symp. Mutational Process},
	Pages = {17-21},
	Title = {The role of breeding structure in evolutionary processes of {Mus} musculus populations},
	Year = {1965}}

@misc{wiki:sql,
	Author = {Wikipedia Editors},
	Date-Added = {2009-04-14 13:24:42 +0200},
	Date-Modified = {2009-06-09 18:05:56 +0200},
	Title = {{SQL} --- Wikipedia{,} The Free Encyclopedia},
	Url = {http://en.wikipedia.org/wiki/SQL},
	Bdsk-Url-1 = {http://en.wikipedia.org/wiki/SQL}}

@misc{wiki:dbms,
	Author = {Wikipedia Editors},
	Date-Added = {2009-04-14 13:16:47 +0200},
	Date-Modified = {2009-04-21 16:48:04 +0200},
	Read = {No},
	Title = {Database management system --- Wikipedia{,} The Free Encyclopedia},
	Url = {http://en.wikipedia.org/wiki/Database_management_system},
	Bdsk-Url-1 = {http://en.wikipedia.org/wiki/Database_management_system}}

@misc{wiki:rdbms,
	Author = {Wikipedia Editors},
	Date-Added = {2009-04-14 13:00:59 +0200},
	Date-Modified = {2009-05-28 18:09:31 +0200},
	Title = {Relational database management system --- Wikipedia{,} The Free Encyclopedia},
	Url = {http://en.wikipedia.org/wiki/RDBMS},
	Bdsk-Url-1 = {http://en.wikipedia.org/wiki/RDBMS}}

@misc{wiki:graph_theory,
	Author = {Wikipedia Editors},
	Date-Added = {2009-04-14 11:23:02 +0200},
	Date-Modified = {2009-04-21 16:48:08 +0200},
	Title = {Graph theory --- Wikipedia{,} The Free Encyclopedia},
	Url = {http://en.wikipedia.org/wiki/Graph_theory},
	Bdsk-Url-1 = {http://en.wikipedia.org/wiki/Graph_theory}}

@misc{wiki:rfid,
	Author = {Wikipedia Editors},
	Date-Added = {2009-04-14 09:44:09 +0200},
	Date-Modified = {2009-06-09 18:07:33 +0200},
	Title = {{RFID} --- Wikipedia{,} The Free Encyclopedia},
	Url = {http://en.wikipedia.org/wiki/RFID},
	Bdsk-Url-1 = {http://en.wikipedia.org/wiki/RFID}}
